<?xml version="1.0" encoding="UTF-8"?><collection xmlns="http://www.loc.gov/MARC21/slim"><record><leader>00417nam--2200145-i-4500</leader><controlfield tag="001">000042941</controlfield><controlfield tag="002">20161230</controlfield><controlfield tag="005">20161230201043</controlfield><controlfield tag="008">060222s1000------------r-----000-0-eng-d</controlfield><datafield ind1=" " ind2=" " tag="080"><subfield code="a">512.83:512.831:62</subfield></datafield><datafield ind1=" " ind2=" " tag="100"><subfield code="a">Stigant Austen S</subfield></datafield><datafield ind1=" " ind2=" " tag="245"><subfield code="a">The elements of determinnts, matrices and tensors for engineers</subfield></datafield><datafield ind1=" " ind2=" " tag="260"><subfield code="a">London, Macdonald, 1959. Xi + 433 P</subfield></datafield><datafield ind1=" " ind2=" " tag="852"><subfield code="a">15527</subfield><subfield code="c">512.831</subfield></datafield><datafield ind1=" " ind2=" " tag="CAT"><subfield code="a">Sys</subfield><subfield code="c">20080520</subfield><subfield code="h">150416</subfield></datafield></record></collection>